%% This BibTeX bibliography file was created using BibDesk.
%% https://bibdesk.sourceforge.io/

%% Created for redlibrarian at 2020-05-28 21:10:17 -0600 


%% Saved with string encoding Unicode (UTF-8) 



@book{patten-recognition,
	Author = {Patten, Alan},
	Date-Added = {2020-05-28 21:09:32 -0600},
	Date-Modified = {2020-05-28 21:10:02 -0600},
	Publisher = {Princeton University Press},
	Title = {Equal Recognition: The Moral Foundations of Minority Rights},
	Year = {2014}}

@book{pippin-hegel2,
	Author = {Pippin, Robert B.},
	Date-Added = {2020-05-28 21:08:09 -0600},
	Date-Modified = {2020-05-28 21:08:51 -0600},
	Publisher = {Cambridge University Press},
	Title = {Hegel's Idealism: The Satisfactions of Self-Consciousness},
	Year = {1989}}

@book{pippin-hegel1,
	Author = {Pippin, Robert B.},
	Date-Added = {2020-05-28 21:06:41 -0600},
	Date-Modified = {2020-05-28 21:07:49 -0600},
	Publisher = {University of Chicago Press},
	Title = {Hegels' Realm of Shadows: Logic as Metaphysics in The Science of Logic},
	Year = {2019}}

@book{settler-winnipeg,
	Date-Added = {2020-05-28 20:30:02 -0600},
	Date-Modified = {2020-05-28 20:32:00 -0600},
	Editor = {Dorries, Heather and Henry, Robert and Hugill, David and McReary, Tyler and Tomiak, Julie},
	Publisher = {University of Manitoba Press},
	Title = {Settler City Limits: Indigenous Resurgence and Colonial Violence in the Urban Prairie West},
	Year = {2019}}

@book{toews-winnipeg,
	Author = {Toews, Owen},
	Date-Added = {2020-05-28 20:28:58 -0600},
	Date-Modified = {2020-05-28 20:29:44 -0600},
	Publisher = {ARP},
	Title = {Stolen City: Racial Capitalism and the Making of Winnipeg},
	Year = {2018}}

@book{samek-if1,
	Author = {Samek, Toni},
	Date-Added = {2020-05-28 20:27:34 -0600},
	Date-Modified = {2020-05-28 20:28:19 -0600},
	Publisher = {McFarland},
	Title = {Intellectual Freedom and Social Responsibility in American Librarianship, 1967-1974},
	Year = {2001}}

@book{samek-if2,
	Author = {Samek, Toni},
	Date-Added = {2020-05-28 20:26:46 -0600},
	Date-Modified = {2020-05-28 20:28:29 -0600},
	Publisher = {Chandos},
	Title = {Librarianship and Human Rights: A Twenty-First Century Guide},
	Year = {2007}}

@book{honneth-struggle,
	Author = {Honneth, Axel},
	Date-Added = {2020-05-28 20:26:00 -0600},
	Date-Modified = {2020-05-28 20:26:39 -0600},
	Publisher = {MIT Press},
	Title = {The Struggle for Recognition: The Moral Grammar of Social Conflicts},
	Year = {1995}}

@book{ljp-if,
	Date-Added = {2020-05-28 20:24:22 -0600},
	Date-Modified = {2020-05-28 20:25:09 -0600},
	Editor = {Alfino, Mark and Koltutsky, Laura},
	Publisher = {Library Juice Press},
	Title = {The Library Juice Press Handbook of Intellectual Freedom: Concepts, Cases, and Theories},
	Year = {2015}}

@book{hegel-PoS,
	Author = {Hegel, G.W.F},
	Date-Added = {2020-05-28 20:23:23 -0600},
	Date-Modified = {2020-05-28 20:24:05 -0600},
	Publisher = {Oxford University Press},
	Title = {Phenomenology of Spirit},
	Year = {1977}}

@book{negri-spinoza4,
	Author = {Negri, Antonio},
	Date-Added = {2020-05-28 20:22:42 -0600},
	Date-Modified = {2020-05-28 20:23:14 -0600},
	Publisher = {Polity},
	Title = {Spinoza: Then and Now},
	Year = {2020}}

@book{jameson-valences,
	Author = {Jameson, Fredric},
	Date-Added = {2020-05-28 20:21:46 -0600},
	Date-Modified = {2020-05-28 20:22:14 -0600},
	Publisher = {Verso},
	Title = {Valences of the Dialectic},
	Year = {2009}}

@comment{BibDesk Static Groups{
<?xml version="1.0" encoding="UTF-8"?>
<!DOCTYPE plist PUBLIC "-//Apple//DTD PLIST 1.0//EN" "http://www.apple.com/DTDs/PropertyList-1.0.dtd">
<plist version="1.0">
<array>
	<dict>
		<key>group name</key>
		<string>Hegel</string>
		<key>keys</key>
		<string>jameson-valences,hegel-PoS,pippin-hegel1,pippin-hegel2</string>
	</dict>
	<dict>
		<key>group name</key>
		<string>Intellectual Freedom</string>
		<key>keys</key>
		<string>ljp-if,samek-if2,samek-if1</string>
	</dict>
	<dict>
		<key>group name</key>
		<string>Politics of Recognition</string>
		<key>keys</key>
		<string>honneth-struggle,patten-recognition</string>
	</dict>
	<dict>
		<key>group name</key>
		<string>Spinoza</string>
		<key>keys</key>
		<string>negri-spinoza4</string>
	</dict>
	<dict>
		<key>group name</key>
		<string>Winnipeg-Indigenous</string>
		<key>keys</key>
		<string>toews-winnipeg,settler-winnipeg</string>
	</dict>
</array>
</plist>
}}
