%% This BibTeX bibliography file was created using BibDesk.
%% https://bibdesk.sourceforge.io/

%% Created for redlibrarian at 2020-09-18 11:07:28 -0600 


%% Saved with string encoding Unicode (UTF-8) 



@book{Negri1991,
	Author = {Negri, Antonio},
	Date-Added = {2020-09-18 11:06:44 -0600},
	Date-Modified = {2020-09-18 11:07:25 -0600},
	Publisher = {University of Minnesota Press},
	Title = {The Savage Anomaly: The Power of Spinoza's Metaphysics and Politics},
	Year = {1991}}

@book{Deleuze1988,
	Author = {Deleuze, Gilles},
	Date-Added = {2020-09-18 11:05:42 -0600},
	Date-Modified = {2020-09-18 11:06:13 -0600},
	Publisher = {City Lights},
	Title = {Spinoza: Practical Philosophy},
	Year = {1988}}

@incollection{Tully2008,
	Author = {Tully, James},
	Booktitle = {The Paradox of Constitutionalism: Constituent Power and Constitutional Form},
	Chapter = {16},
	Date-Added = {2020-08-27 18:56:17 -0600},
	Date-Modified = {2020-08-27 18:58:06 -0600},
	Editor = {Loughlin, Martin and Walker, Neil},
	Pages = {315-338},
	Publisher = {Oxford University Press},
	Title = {The Imperialism of Modern Constitutional Democracy},
	Year = {2008}}

@book{LoughlinWalker2008,
	Author = {Loughlin, Martin and Walker, Neil},
	Date-Added = {2020-08-27 18:55:09 -0600},
	Date-Modified = {2020-08-27 18:56:12 -0600},
	Publisher = {Oxford University Press},
	Title = {The Paradox of Constitutionalism: Constituent Power and Constitutional Form},
	Year = {2008}}

@book{Arato2017,
	Author = {Arato, Andrew},
	Date-Added = {2020-08-27 18:54:32 -0600},
	Date-Modified = {2020-08-27 18:55:05 -0600},
	Publisher = {Cambridge University Press},
	Title = {The Adventures of Constituent Power},
	Year = {2017}}

@book{Taylor1991,
	Author = {Taylor, Charles},
	Date-Added = {2020-08-05 08:14:07 -0600},
	Date-Modified = {2020-08-05 08:26:27 -0600},
	Publisher = {House of Anansi},
	Title = {The Malaise of Modernity},
	Year = {1991}}

@book{Marx1963,
	Author = {Marx, Karl},
	Date-Added = {2020-08-01 10:31:04 -0600},
	Date-Modified = {2020-08-01 10:32:01 -0600},
	Publisher = {International Publishers},
	Title = {The Eighteenth Brumaire of Louis Bonaparte},
	Year = {1963}}

@article{TaylorKymlicka,
	Author = {Taylor, Charles},
	Date-Added = {2020-08-01 10:14:11 -0600},
	Date-Modified = {2020-08-01 10:14:50 -0600},
	Journal = {Critical Review},
	Number = {2},
	Pages = {257-262},
	Title = {Can liberalism be communitarian},
	Volume = {8},
	Year = {1994}}

@article{Wolfe1976,
	Author = {Wolfe, Tom},
	Date-Added = {2020-08-01 09:53:14 -0600},
	Date-Modified = {2020-08-01 09:54:55 -0600},
	Journal = {New York Magazine},
	Keywords = {23 August 1976},
	Month = {August},
	Title = {The 'Me' Decade and the Third Great Awakening},
	Year = {1976}}

@book{Macintyre1981,
	Author = {MacIntyre, Alasdair},
	Date-Added = {2020-08-01 09:13:45 -0600},
	Date-Modified = {2020-08-01 09:14:37 -0600},
	Publisher = {University of Notre Dame Press},
	Title = {After Virtue},
	Year = {1981}}

@unpublished{TheobaldDinkelman1995,
	Author = {Theobald, Paul and Dinkelman, Todd},
	Date-Added = {2020-08-01 09:05:02 -0600},
	Date-Modified = {2020-08-01 09:06:04 -0600},
	Keywords = {https://files.eric.ed.gov/fulltext/ED383504.pdf},
	Title = {The Parameters of the Liberal-Communitarian Debate},
	Year = {1995}}

@article{Turing1950,
	Author = {Turing, A.M.},
	Date-Added = {2020-07-29 13:11:16 -0600},
	Date-Modified = {2020-07-29 13:11:51 -0600},
	Journal = {Mind},
	Number = {236},
	Pages = {433-460},
	Title = {Computing Machinery and Intelligence},
	Volume = {LIX},
	Year = {1950}}

@article{Kymlicka1989b,
	Author = {Kymlicka, Will},
	Date-Added = {2020-07-29 12:29:03 -0600},
	Date-Modified = {2020-07-29 12:29:48 -0600},
	Journal = {Ethics},
	Pages = {883-905},
	Title = {Liberal Individualism and Liberal Neutrality},
	Volume = {99},
	Year = {1989}}

@incollection{Dworkin1978,
	Author = {Dworkin, Ronald},
	Booktitle = {Public and Private Morality},
	Date-Added = {2020-07-29 10:43:49 -0600},
	Date-Modified = {2020-07-29 10:45:04 -0600},
	Editor = {Hampshire, Stuart},
	Publisher = {Cambridge University Press},
	Title = {Liberalism},
	Year = {1978}}

@book{SICP1996,
	Author = {Abelson, Harold and Sussman, Gerald Jay and Sussman, Julie},
	Date-Added = {2020-07-29 10:40:59 -0600},
	Date-Modified = {2020-07-29 10:41:56 -0600},
	Edition = {2nd},
	Publisher = {MIT Press},
	Title = {Structure and Interpretation of Computer Programs},
	Year = {1996}}

@book{Rawls2005,
	Author = {Rawls, John},
	Date-Added = {2020-07-29 07:27:35 -0600},
	Date-Modified = {2020-07-29 07:28:20 -0600},
	Publisher = {Harvard University Press},
	Title = {Theory of Justice: Original Edition},
	Year = {2005}}

@book{Negri1989,
	Author = {Negri, Antonio},
	Date-Added = {2020-07-28 12:40:08 -0600},
	Date-Modified = {2020-07-28 12:40:38 -0600},
	Publisher = {Polity},
	Title = {The Politics of Subversion: A Manifesto for the Twenty-First Century},
	Year = {1989}}

@book{Taylor1994,
	Author = {Taylor, Charles},
	Date-Added = {2020-07-28 11:39:31 -0600},
	Date-Modified = {2020-07-28 11:40:05 -0600},
	Publisher = {Princeton University Press},
	Title = {Multiculturalism: Exploring the Politics of Recognition},
	Year = {1994}}

@article{Sandel1984,
	Author = {Sandel, Michael J.},
	Date-Added = {2020-07-28 11:24:10 -0600},
	Date-Modified = {2020-07-28 11:24:52 -0600},
	Journal = {Political Theory},
	Number = {1},
	Pages = {81-96},
	Title = {The Procedural Republic and the Unencumbered Self},
	Volume = {12},
	Year = {1984}}

@article{Joque2019,
	Annote = {https://reallifemag.com/chances-are/},
	Author = {Joque, Justin},
	Date-Added = {2020-07-28 09:51:57 -0600},
	Date-Modified = {2020-07-28 09:52:40 -0600},
	Journal = {Real Life},
	Keywords = {March 28, 2019},
	Title = {Chances Are: The Bayesian Revolution Ties Knowledge to its Material Value},
	Year = {2019}}

@article{Bacevic2020,
	Annote = {https://discoversociety.org/2020/03/20/no-such-thing-as-society-liberal-paternalism-politics-of-expertise-and-the-corona-crisis/},
	Author = {Bacevic, Jana},
	Date-Added = {2020-07-28 09:51:07 -0600},
	Date-Modified = {2020-07-28 09:51:50 -0600},
	Journal = {Discovery Society},
	Keywords = {March 20, 2020},
	Title = {No Such Thing as Society? Liberal Paternalism, Politics of Expertise and the Corona Crisis},
	Year = {2020}}

@book{Kalpokas2019,
	Author = {Kalpokas, Ignas},
	Date-Added = {2020-07-28 09:47:46 -0600},
	Date-Modified = {2020-07-28 09:48:23 -0600},
	Publisher = {Palgrave},
	Title = {Algorithmic Governance: Politics and Law in the Post-Human Era},
	Year = {2019}}

@article{Turing1936,
	Author = {Turing, A.M.},
	Date-Added = {2020-07-28 09:28:50 -0600},
	Date-Modified = {2020-07-28 09:30:30 -0600},
	Journal = {Proceedings of the London Mathematical Society},
	Number = {1},
	Pages = {230-65},
	Title = {On Computable Numbers, with an Application to the Entscheidungsproblem},
	Volume = {42},
	Year = {1937}}

@book{Zuboff2019,
	Author = {Zuboff, Shoshana},
	Date-Added = {2020-07-28 08:43:38 -0600},
	Date-Modified = {2020-07-28 08:44:54 -0600},
	Publisher = {PublicAffairs},
	Title = {The Age of Surveillance Capitalism: The Fight for a Human Future at the New Frontier of Power},
	Year = {2019}}

@book{Srnicek2016,
	Author = {Srnicek, Nick},
	Date-Added = {2020-07-28 08:43:11 -0600},
	Date-Modified = {2020-07-28 08:43:35 -0600},
	Publisher = {Polity},
	Title = {Platform Capitalism},
	Year = {2016}}

@book{Moore2017,
	Author = {Moore, Phoebe V.},
	Date-Added = {2020-07-28 08:41:51 -0600},
	Date-Modified = {2020-07-28 08:42:57 -0600},
	Publisher = {Routledge},
	Title = {The Quantified Self in Precarity: Work, Technology and What Counts},
	Year = {2017}}

@book{Marx1973,
	Author = {Marx, Karl},
	Date-Added = {2020-07-28 08:38:01 -0600},
	Date-Modified = {2020-07-28 08:38:24 -0600},
	Publisher = {Penguin Books},
	Title = {Grundrisse},
	Year = {1973}}

@book{Lazzarato2012,
	Author = {Lazzarato, Maurizio.},
	Date-Added = {2020-07-28 08:29:05 -0600},
	Date-Modified = {2020-07-28 08:32:36 -0600},
	Publisher = {Semiotext(e)},
	Title = {The Making of the Indebted Man: An Essay on the Neoliberal Condition},
	Year = {2012}}

@article{Deleuze1992,
	Author = {Deleuze, Gilles},
	Date-Added = {2020-07-28 08:01:01 -0600},
	Date-Modified = {2020-07-28 08:01:41 -0600},
	Journal = {October},
	Month = {Winter},
	Pages = {3-7},
	Title = {Postscript on the Societies of Control},
	Volume = {59},
	Year = {1992}}

@book{DyerWitheford2015,
	Author = {Dyer-Witheford, Nick},
	Date-Added = {2020-07-28 07:57:42 -0600},
	Date-Modified = {2020-07-28 07:58:45 -0600},
	Publisher = {Between the Lines},
	Title = {Cyber-Proletariat: Global Labour in the Digital Vortex},
	Year = {2015}}

@incollection{Parisi2015,
	Author = {Parisi, Luciana},
	Booktitle = {Alleys of Your Mind: Augmented Intelligence Traumas},
	Chapter = {7},
	Date-Added = {2020-07-28 07:51:02 -0600},
	Date-Modified = {2020-07-28 07:54:16 -0600},
	Editor = {Pasquinelli, Matteo},
	Pages = {125-138},
	Publisher = {Meson Press},
	Title = {Instrumental Reason, Algorithmic Capitalism, and the Incomputable},
	Year = {2015}}

@book{HonnethRanciere2016,
	Date-Added = {2020-07-14 13:43:42 -0600},
	Date-Modified = {2020-07-14 13:44:48 -0600},
	Editor = {Genel, Katia and Deranty, Jean-Philippe},
	Publisher = {Columbia University Press},
	Title = {Recognition or Disagreement: A Critical Encounter of the Politics of Freedom, Equality, and Identity},
	Year = {2016}}

@article{Shaw2017,
	Annote = {https://www.boundary2.org/2017/03/devin-zane-shaw-disagreement-and-recognition-between-ranciere-and-honneth/},
	Author = {Shaw, Devin Zane},
	Date-Added = {2020-07-14 13:42:05 -0600},
	Date-Modified = {2020-07-14 13:42:53 -0600},
	Journal = {Boundary2},
	Keywords = {March 13, 2017},
	Title = {Disagreement and Recognition between Ranci{\`e}re and Honneth},
	Year = {2017}}

@article{Shaw2020,
	Author = {Shaw, Devin Zane},
	Date-Added = {2020-07-14 13:40:43 -0600},
	Date-Modified = {2020-07-14 13:41:52 -0600},
	Journal = {Parrhesia},
	Pages = {83-112},
	Title = {'Command that does not command': Reconsidering Ranci{\`e}re's Opposition of Politics and Policing},
	Volume = {33},
	Year = {2020}}

@article{Maclure2005,
	Annote = {https://www.queensu.ca/iigr/sites/webpublish.queensu.ca.iigrwww/files/files/WorkingPapers/asymmetricfederalism/Maclure2005.pdf},
	Author = {Maclure, Jocelyn},
	Date-Added = {2020-07-01 09:27:19 -0600},
	Date-Modified = {2020-07-01 09:28:25 -0600},
	Journal = {Asymmetry Series},
	Keywords = {School of Policy Studies, Queen's University},
	Title = {Beyond Recognition and Asymmetry},
	Volume = {9},
	Year = {2005}}

@article{Belanger2000,
	Author = {B{\'e}langer, Claude},
	Date-Added = {2020-07-01 09:26:13 -0600},
	Date-Modified = {2020-07-01 09:26:48 -0600},
	Journal = {Readings in Quebec History},
	Title = {Jean Lesage and the Quiet Revolution (1960-1966)},
	Year = {2000}}

@article{Wrightson2017,
	Author = {Wrightson, Kelsey R.},
	Date-Added = {2020-07-01 09:06:23 -0600},
	Date-Modified = {2020-07-01 09:07:24 -0600},
	Journal = {Museum Anthropology},
	Number = {1},
	Pages = {36-51},
	Title = {The Limits of Recognition: The Spirit Sings, Canadian Museums and the Colonial Politics of Recognition},
	Volume = {40},
	Year = {2017}}

@book{HardtNegri2004,
	Author = {Hardt, Michael and Negri, Antonio},
	Date-Added = {2020-06-30 15:08:54 -0600},
	Date-Modified = {2020-06-30 15:09:20 -0600},
	Publisher = {Penguin Books},
	Title = {Multitude: War and Democracy in the Age of Empire},
	Year = {2004}}

@book{Virno2004,
	Author = {Virno, Paolo},
	Date-Added = {2020-06-30 15:01:47 -0600},
	Date-Modified = {2020-06-30 15:02:07 -0600},
	Publisher = {Semiotext(e)},
	Title = {A Grammar of the Multitude},
	Year = {2004}}

@book{Hegel1979,
	Author = {Hegel, G.W.F},
	Date-Added = {2020-06-30 14:31:02 -0600},
	Date-Modified = {2020-06-30 14:31:48 -0600},
	Publisher = {State University of New York Press},
	Title = {System of Ethical Life and First Philosophy of Spirit},
	Year = {1979}}

@book{Hegel1977,
	Author = {Hegel, G.W.F},
	Date-Added = {2020-06-30 14:28:18 -0600},
	Date-Modified = {2020-06-30 14:29:04 -0600},
	Publisher = {State University of New York Press},
	Title = {The Difference Between Fichte's and Schelling's System of Philosophy},
	Year = {1977}}

@book{Hines2013,
	Author = {Hines, Sally},
	Date-Added = {2020-06-28 07:56:31 -0600},
	Date-Modified = {2020-06-28 07:57:09 -0600},
	Publisher = {Palgrave Macmillan},
	Title = {Gender Diversity, Recognition and Citizenship: Towards a Politics of Difference},
	Year = {2013}}

@incollection{Taylor1985,
	Author = {Taylor, Charles},
	Booktitle = {Philosophical Papers, Volume 2: Philosophy and the Human Sciences},
	Date-Added = {2020-06-28 06:21:35 -0600},
	Date-Modified = {2020-06-28 06:22:39 -0600},
	Pages = {187-210},
	Publisher = {Cambridge University Press},
	Title = {Atomism},
	Year = {1985}}

@book{Galisanka2019,
	Author = {Gali{\v s}anka, Andrius},
	Date-Added = {2020-06-28 06:00:38 -0600},
	Date-Modified = {2020-06-28 06:01:20 -0600},
	Publisher = {Harvard University Press},
	Title = {John Rawls: The Path to a Theory of Justice},
	Year = {2019}}

@book{CornellRosenfeldCarleson1992,
	Date-Added = {2020-06-28 05:56:08 -0600},
	Date-Modified = {2020-06-28 05:56:51 -0600},
	Editor = {Cornell, Drusilla and Rosenfeld, Michael and Carlson, David Gray},
	Publisher = {Psychology Press},
	Title = {Deconstruction and the Possibility of Justice},
	Year = {1992}}

@book{Jameson1991,
	Author = {Jameson, Fredric},
	Date-Added = {2020-06-28 05:43:37 -0600},
	Date-Modified = {2020-06-28 05:44:07 -0600},
	Publisher = {Duke University Press},
	Title = {Postmodernism, or, the Cultural Logic of Late Capitalism},
	Year = {1991}}

@incollection{Taylor2003,
	Author = {Taylor, Charles},
	Booktitle = {Debates in Contemporary Political Philosophy},
	Date-Added = {2020-06-22 08:56:36 -0600},
	Date-Modified = {2020-06-22 08:58:07 -0600},
	Editor = {Matravers, Derek and Jon Pike},
	Pages = {195-212},
	Publisher = {Routledge},
	Title = {Cross-purposes: the liberal-communitarian debate},
	Year = {2003}}

@book{Marx1955,
	Author = {Marx, Karl},
	Date-Added = {2020-06-20 14:21:33 -0600},
	Date-Modified = {2020-06-20 14:22:12 -0600},
	Publisher = {Progress Publishers},
	Title = {The Poverty of Philosophy},
	Year = {1955}}

@book{Joseph2002,
	Author = {Joseph, Miranda},
	Date-Added = {2020-06-20 11:52:10 -0600},
	Date-Modified = {2020-06-20 11:52:34 -0600},
	Publisher = {University of Minnesota Press},
	Title = {Against the Romance of Community},
	Year = {2002}}

@book{Kymlicka1989,
	Author = {Kymlicka, Will},
	Date-Added = {2020-06-20 10:21:32 -0600},
	Date-Modified = {2020-06-20 10:22:07 -0600},
	Publisher = {Oxford University Press},
	Title = {Liberalism, Community, and Culture},
	Year = {1989}}

@incollection{Moore2009,
	Author = {Moore, Margaret},
	Booktitle = {Contemporary Debates in Political Philosophy},
	Date-Added = {2020-06-20 10:20:04 -0600},
	Date-Modified = {2020-06-20 10:21:17 -0600},
	Editor = {Christiano, Thomas and Christman, John},
	Pages = {322-342},
	Publisher = {Blackwell},
	Title = {Liberalism, Communitarianism, and the Politics of Identity},
	Year = {2009}}

@article{Buchanan1989,
	Author = {Buchanan, Allan E.},
	Date-Added = {2020-06-20 10:18:25 -0600},
	Date-Modified = {2020-06-20 10:19:57 -0600},
	Journal = {Ethics},
	Number = {4},
	Pages = {852-882},
	Title = {Assessing the Communitarian Critique of Liberalism},
	Volume = {99},
	Year = {1989}}

@article{Levrau2015,
	Author = {Levrau, Fran{\c c}ois},
	Date-Added = {2020-06-20 10:16:58 -0600},
	Date-Modified = {2020-06-20 10:17:59 -0600},
	Journal = {Cosmos and History},
	Number = {1},
	Pages = {103-135},
	Title = {The Liberal-Communitarian Debate: A Lacanian Analysis},
	Volume = {11},
	Year = {2015}}

@book{Lewis2008,
	Date-Added = {2020-06-20 09:33:55 -0600},
	Date-Modified = {2020-06-20 09:34:03 -0600},
	Title = {Quest}}

@book{Bales2015,
	Author = {Bales, Stephen},
	Date-Added = {2020-06-20 09:24:33 -0600},
	Date-Modified = {2020-06-20 09:25:27 -0600},
	Publisher = {Library Juice Press},
	Title = {The Dialectic of Academic Librarianship: A Critical Approach},
	Year = {2015}}

@book{BlackPepperBagshaw2009,
	Author = {Black, Alistair and Pepper, Simon and Bagshaw, Kaye},
	Date-Added = {2020-06-20 09:09:39 -0600},
	Date-Modified = {2020-06-20 09:10:54 -0600},
	Publisher = {Routledge},
	Title = {Books, Buildings, and Social Engineering: Early Public Libraries in Britain from Past to Present},
	Year = {2009}}

@book{Black1998,
	Author = {Black, Alistair},
	Date-Added = {2020-06-20 09:08:43 -0600},
	Date-Modified = {2020-06-20 09:09:12 -0600},
	Publisher = {Leicester University Press},
	Title = {A New History of the English Public Library},
	Year = {1998}}

@book{Harris1999,
	Author = {Harris, Michael H.},
	Date-Added = {2020-06-20 09:04:28 -0600},
	Date-Modified = {2020-06-20 09:05:08 -0600},
	Edition = {4th},
	Publisher = {Scarecrow Press},
	Title = {History of Libraries in the Western World},
	Year = {1999}}

@book{Jameson2019,
	Author = {Jameson, Fredric},
	Date-Added = {2020-06-20 08:49:13 -0600},
	Date-Modified = {2020-06-20 08:49:38 -0600},
	Publisher = {Verso},
	Title = {Ideology and Allegory},
	Year = {2019}}

@book{Young2011,
	Author = {Young, Iris Marion},
	Date-Added = {2020-06-19 07:58:50 -0600},
	Date-Modified = {2020-06-19 07:59:12 -0600},
	Publisher = {Princeton University Press},
	Title = {Justice and the Politics of Difference},
	Year = {2011}}

@book{Lukacs1983,
	Author = {Lukacs, Georg},
	Date-Added = {2020-06-17 07:54:40 -0600},
	Date-Modified = {2020-06-17 07:55:00 -0600},
	Publisher = {University of Nebraska Press},
	Title = {The Historical Novel},
	Year = {1983}}

@book{Gramsci1971,
	Author = {Gramsci, Antonio},
	Date-Added = {2020-06-15 09:41:15 -0600},
	Date-Modified = {2020-06-15 09:41:38 -0600},
	Publisher = {International Publishers},
	Title = {Selections from the Prison Diaries},
	Year = {1971}}

@book{Spade2015,
	Author = {Spade, Dean},
	Date-Added = {2020-06-11 07:34:20 -0600},
	Date-Modified = {2020-06-11 07:35:09 -0600},
	Publisher = {Duke University Press},
	Title = {Normal Life: Administrative Violence, Critical Trans Politics, and the Limits of Law},
	Year = {2015}}

@article{Junker2020,
	Author = {Junker, Anna},
	Date-Added = {2020-06-10 08:09:25 -0600},
	Date-Modified = {2020-06-10 08:10:05 -0600},
	Journal = {Edmonton Journal},
	Keywords = {https://edmontonjournal.com/news/local-news/advocates-say-u-of-a-professors-firing-over-views-on-transgender-identity-not-an-academic-freedom-issue},
	Month = {June},
	Title = {Advocates say U of A professor's firing over views on transgender identity not an academic freedom issue},
	Year = {2020}}

@article{Kay2020,
	Author = {Kay, Barbara},
	Date-Added = {2020-06-10 08:08:48 -0600},
	Date-Modified = {2020-06-10 08:09:16 -0600},
	Journal = {National Post},
	Keywords = {https://nationalpost.com/opinion/barbara-kay-u-of-a-professor-holds-the-line-on-free-expression},
	Month = {June},
	Title = {U of A professor holds the line on free expression},
	Year = {2020}}

@article{Dawson2020,
	Author = {Dawson, Tyler},
	Date-Added = {2020-06-10 08:07:59 -0600},
	Date-Modified = {2020-06-10 08:08:39 -0600},
	Journal = {National Post},
	Keywords = {https://nationalpost.com/news/university-of-alberta-loses-admin-role-over-views-on-gender},
	Month = {June},
	Title = {University of Alberta prof loses admin role over views on gender that made students feel 'unsafe'},
	Year = {2020}}

@misc{Sale2020,
	Author = {Sale, Carolyn},
	Date-Added = {2020-06-10 08:06:49 -0600},
	Date-Modified = {2020-06-10 08:07:46 -0600},
	Howpublished = {CFE Blog},
	Keywords = {https://cfe.ryerson.ca/blog/2020/06/academic-freedom-and-perceptions-harm},
	Month = {June},
	Title = {Academic Freedom and Perceptions of Harm},
	Year = {2020}}

@article{ahmed2015,
	Author = {Ahmed, Sara},
	Date-Added = {2020-06-10 08:03:01 -0600},
	Date-Modified = {2020-06-10 08:03:36 -0600},
	Journal = {The New Inquiry},
	Keywords = {https://thenewinquiry.com/against-students/},
	Month = {June},
	Title = {Against Students},
	Year = {2015}}

@book{Virno2015,
	Author = {Virno, Paolo},
	Date-Added = {2020-06-08 09:53:37 -0600},
	Date-Modified = {2020-06-08 09:54:09 -0600},
	Publisher = {Semiotext(e)},
	Title = {When the Word Becomes Flesh},
	Year = {2015}}

@book{DahlbergSiapera2007,
	Date-Added = {2020-06-08 09:43:23 -0600},
	Date-Modified = {2020-06-08 09:44:20 -0600},
	Editor = {Dahlberg, Lincoln and Siapera, Eugenia},
	Keywords = {https://doi.org/10.1057/9780230592469},
	Publisher = {Palgrave Macmillan},
	Title = {Radical Democracy and the Internet: Interrogating Theory and Practice},
	Year = {2007}}

@book{Taylor1989,
	Author = {Taylor, Charles},
	Date-Added = {2020-06-08 09:24:17 -0600},
	Date-Modified = {2020-06-08 09:25:06 -0600},
	Publisher = {Harvard University Press},
	Title = {Sources of the Self: The Making of Modern Identity},
	Year = {1989}}

@article{Popowich2019-mackinnon,
	Author = {Popowich, Sam},
	Date-Added = {2020-06-08 08:41:38 -0600},
	Date-Modified = {2020-06-08 08:42:24 -0600},
	Journal = {Canadian Journal of Academic Librarianship},
	Keywords = {intellectual-freedom},
	Title = {Review: University Commons Divided: Exploring Debate and Dissent on Campus},
	Volume = {5},
	Year = {2019}}

@article{Popowich2018-labour,
	Author = {Popowich, Sam},
	Date-Added = {2020-06-08 08:39:50 -0600},
	Date-Modified = {2020-06-08 08:40:28 -0600},
	Journal = {Journal of Radical Librarianship},
	Pages = {6-9},
	Title = {Libraries, Labour, Capital: On Formal and Real Subsumption},
	Volume = {4},
	Year = {2018}}

@article{Popowich2019-labour,
	Author = {Popowich, Sam},
	Date-Added = {2020-06-08 08:38:49 -0600},
	Date-Modified = {2020-06-08 08:39:44 -0600},
	Journal = {Library Trends},
	Keywords = {thesis},
	Number = {2},
	Pages = {153-173},
	Title = {"The Power of Knowledge, Objectified': Immaterial Labour, Cognitive Capitalism, and Academic Librarianship},
	Volume = {68},
	Year = {2019}}

@article{Popowich2020-AI,
	Author = {Popowich, Sam},
	Date-Added = {2020-06-08 08:37:57 -0600},
	Date-Modified = {2020-06-08 08:38:46 -0600},
	Journal = {Journal of Contemporary Issues in Education},
	Keywords = {thesis},
	Title = {Proxying the Data Body: Artificial Intelligence, Federated Identity, and Machinic Subjection},
	Year = {2020}}

@inbook{Popowich2018,
	Author = {Popowich, Sam},
	Date-Added = {2020-06-08 08:36:31 -0600},
	Date-Modified = {2020-06-08 08:37:25 -0600},
	Editor = {Nicholson, Karen P. and Seale, Maura},
	Pages = {39-66},
	Publisher = {Library Juice Press},
	Title = {"Ruthless Criticism of All that Exists": Marxism, Technology, and Library Work},
	Year = {2018}}

@inbook{Popowich2020-free-speech,
	Author = {Popowich, Sam},
	Date-Added = {2020-06-08 08:35:33 -0600},
	Date-Modified = {2020-06-08 08:37:55 -0600},
	Editor = {Riley, Charlotte Lydia},
	Keywords = {intellectual-freedom, thesis},
	Publisher = {Manchester University Press},
	Title = {The Problem of Neutrality and Intellectual Freedom: The Case of Libraries},
	Year = {2020}}

@book{Popowich2019,
	Author = {Popowich, Sam},
	Date-Added = {2020-06-08 08:32:24 -0600},
	Date-Modified = {2020-06-08 08:32:50 -0600},
	Publisher = {Library Juice Press},
	Title = {Confronting the Democratic Discourse of Librarianship: A Marxist Approach},
	Year = {2019}}

@book{hegel-SoL,
	Author = {Hegel, G.W.F},
	Date-Added = {2020-06-08 08:28:31 -0600},
	Date-Modified = {2020-06-08 08:29:47 -0600},
	Editor = {Di Giovanni, George},
	Publisher = {Cambridge University Press},
	Title = {The Science of Logic},
	Year = {2010}}

@article{karim2002,
	Author = {Karim, Karim H.},
	Date-Added = {2020-06-03 11:06:12 -0600},
	Date-Modified = {2020-06-03 11:07:16 -0600},
	Journal = {Journal of International Migration and Integration},
	Pages = {439-455},
	Title = {The Multiculturalism Debate in Canadian Newspapers: The Harbinger of a Political Storm?},
	Volume = {3},
	Year = {2002}}

@article{hall-2011,
	Author = {Hall, Stuart},
	Date-Added = {2020-06-03 06:36:02 -0600},
	Date-Modified = {2020-06-03 06:36:50 -0600},
	Journal = {Cultural Studies},
	Month = {https://doi.org/10.1080/09502386.2011.619886},
	Pages = {705-728},
	Title = {The Neo-liberal Revolution},
	Volume = {6},
	Year = {25}}

@book{harvey-2005,
	Author = {Harvey, David},
	Date-Added = {2020-06-03 06:27:51 -0600},
	Date-Modified = {2020-06-03 06:28:13 -0600},
	Publisher = {Oxford University Press},
	Title = {A Brief History of Neoliberalism},
	Year = {2005}}

@incollection{bracke-2009,
	Author = {Bracke, Maud Anne},
	Booktitle = {1968 in Retrospect: History, Theory, Alterity},
	Date-Added = {2020-06-03 06:18:21 -0600},
	Date-Modified = {2020-06-03 06:21:22 -0600},
	Editor = {Bhambra, Gurminder K and Demir, Ipek},
	Pages = {115-130},
	Publisher = {Palgrave Macmillan},
	Title = {May 1968 and Algerian Immigrants in France: Trajectories of Mobilization and Encounter},
	Year = {2009}}

@misc{vpl-values,
	Author = {VPL},
	Date-Added = {2020-06-02 14:25:04 -0600},
	Date-Modified = {2020-06-02 14:25:27 -0600},
	Keywords = {https://www.vpl.ca/about},
	Title = {About the Library}}

@article{cite-key,
	Author = {Bonfert, Bernd},
	Date-Added = {2020-06-02 12:52:06 -0600},
	Date-Modified = {2020-06-02 12:53:13 -0600},
	Journal = {The European Sociologist},
	Number = {45},
	Title = {Political Economy and Politics: COVID-19, Critical Political Economy, and the End of Neoliberalism?},
	Volume = {1},
	Year = {2020}}

@article{cbc-ubc,
	Author = {Hennig, Clare},
	Date-Added = {2020-06-02 11:54:40 -0600},
	Date-Modified = {2020-06-02 11:55:16 -0600},
	Journal = {CBC News},
	Keywords = {July 8, 2019.},
	Title = {UBC barred from Vancouver Pride Parade for hosting controversial speaker},
	Year = {2019}}

@article{cbc-vpl,
	Annote = {https://www.cbc.ca/news/canada/british-columbia/vancouver-pride-bans-library-from-parade-over-event-featuring-transphobic-activist-1.5221943},
	Author = {CBC},
	Date-Added = {2020-06-02 11:54:03 -0600},
	Date-Modified = {2020-06-02 11:54:36 -0600},
	Journal = {CBC News},
	Keywords = {July 23, 2019},
	Title = {Vancouver Pride bans library from parade over event featuring 'transphobic' activist},
	Year = {2019}}

@misc{vpl-policy,
	Annote = {https://www.vpl.ca/policy/public-meeting-rooms-facilities-use},
	Author = {VPL},
	Date-Added = {2020-06-02 11:45:36 -0600},
	Date-Modified = {2020-06-02 13:46:01 -0600},
	Title = {Public Meeting Rooms and Facilities Use},
	Year = {2019}}

@article{brean-2019,
	Annote = {https://nationalpost.com/news/meghan-murphy-the-woman-behind-trans-wars-breaking-out-at-the-public-library},
	Author = {Brean, Joseph},
	Date-Added = {2020-06-02 11:35:12 -0600},
	Date-Modified = {2020-06-02 11:35:53 -0600},
	Journal = {National Post},
	Keywords = {October 28, 2019},
	Title = {Meghan Murphy, the woman behind trans wars breaking out at the public library},
	Year = {2019}}

@misc{hhh,
	Date-Added = {2020-06-02 11:34:46 -0600},
	Date-Modified = {2020-06-02 11:34:58 -0600}}

@misc{tpl-revisions,
	Annote = {https://www.torontopubliclibrary.ca/content/about-the-library/pdfs/board/meetings/2017/dec11/04-community-and-event-space-rental-policy-revisions-combined.pdf},
	Author = {TPL},
	Date-Added = {2020-06-02 11:20:54 -0600},
	Date-Modified = {2020-06-02 11:21:22 -0600},
	Keywords = {December 11, 2017},
	Title = {Community and Event Space Rental Policy -- Revisions}}

@misc{tpl-kulaszka,
	Annote = {https://www.newswire.ca/news-releases/statement-from-city-librarian-vickery-bowles-on-last-evenings-event-at-richview-library-634362023.html},
	Author = {TPL},
	Date-Added = {2020-06-02 11:14:18 -0600},
	Date-Modified = {2020-06-02 11:14:51 -0600},
	Keywords = {July 13, 2017},
	Month = {2017},
	Title = {Statement from City Librarian Vickery Bowles on Last Evening's Event At Richview Library}}

@periodical{shakeri-2017,
	Annote = {https://www.huffingtonpost.ca/2017/07/13/toronto-library-neo-nazi-event_a_23028596/},
	Author = {Shakeri, Sima},
	Date-Added = {2020-06-02 11:08:45 -0600},
	Date-Modified = {2020-06-02 11:09:19 -0600},
	Journal = {Huffington Post},
	Keywords = {July 13, 2017},
	Title = {Toronto Public Library Allows Neo-Nazi Memorial For Barbara Kulaszka To Go Ahead},
	Year = {2017}}

@periodical{craggs-2019,
	Annote = {https://www.cbc.ca/news/canada/hamilton/marc-lemire-1.5127708},
	Author = {Craggs, Samantha},
	Date-Added = {2020-06-02 10:59:05 -0600},
	Date-Modified = {2020-06-02 10:59:45 -0600},
	Journal = {CBC},
	Keywords = {May 8, 2019},
	Title = {Former leader of white supremacy group works in Hamilton's IT office, sparking concerns},
	Year = {2019}}

@periodical{quan-2015,
	Annote = {https://nationalpost.com/news/canada/ex-ontario-teacher-is-international-director-of-american-white-nationalist-group-that-influenced-dylann-roof},
	Author = {Quan, Douglas},
	Date-Added = {2020-06-02 10:55:13 -0600},
	Date-Modified = {2020-06-02 10:55:46 -0600},
	Journal = {National Post},
	Keywords = {June 23, 2015.},
	Title = {Ex-Ontario teacher is international director of American 'white nationalist' group that influenced Dylann Roof},
	Year = {2015}}

@periodical{yorio-peet-2018,
	Author = {Yorio, Kara and Peet, Lisa},
	Date-Added = {2020-06-02 10:44:25 -0600},
	Date-Modified = {2020-06-02 10:45:05 -0600},
	Journal = {School Library Journal},
	Keywords = {July 10, 2018.},
	Title = {Free Speech Debate Erupts with ALA's Inclusion of Hate Groups in Revision of Bill of Rights Interpretation},
	Year = {2018}}

@periodical{hutchins-2017,
	Author = {Hutchins, Aaron},
	Date-Added = {2020-06-02 10:43:07 -0600},
	Date-Modified = {2020-06-02 10:43:43 -0600},
	Journal = {Maclean's},
	Keywords = {December 11, 2017},
	Title = {What Really Happened at Laurier University},
	Year = {2017}}

@periodical{peterson-2016,
	Author = {Peterson, Jordan},
	Date-Added = {2020-06-02 10:41:37 -0600},
	Date-Modified = {2020-06-02 10:42:14 -0600},
	Journal = {National Post},
	Keywords = {November 8, 2016.},
	Title = {The Right to be Politically Incorrect},
	Year = {2016}}

@book{mackinnon-2018,
	Author = {MacKinnon, Peter},
	Date-Added = {2020-06-02 10:39:10 -0600},
	Date-Modified = {2020-06-02 10:45:43 -0600},
	Publisher = {University of Toronto Press},
	Title = {University Commons Divided: Exploring Debate and Dissent on Campus},
	Year = {2018}}

@periodical{beauchamp-2018,
	Author = {Beauchamp, Zack},
	Date-Added = {2020-06-02 10:37:28 -0600},
	Date-Modified = {2020-06-02 10:38:22 -0600},
	Journal = {Vox},
	Title = {Milo Yiannopoulos's collapse shows that no-platforming can work},
	Volume = {December 5, 2018.},
	Year = {2018}}

@article{garrison-1972,
	Author = {Garrison, Dee},
	Date-Added = {2020-06-02 10:10:18 -0600},
	Date-Modified = {2020-06-02 10:11:12 -0600},
	Journal = {Journal of Social History},
	Number = {2},
	Pages = {131-159},
	Title = {The Tender Technicians: The Feminization of Public Librarianship, 1876-1905},
	Volume = {6},
	Year = {1972}}

@book{berman-1971,
	Date-Added = {2020-06-02 10:09:28 -0600},
	Date-Modified = {2020-06-02 10:10:04 -0600},
	Editor = {Berman, Sanford},
	Publisher = {Scarecrow Press},
	Title = {Prejudices and Antipathies: A Tract on the LC Subject Heads Concerning People},
	Year = {1971}}

@book{schlesselman-tarango-2017,
	Date-Added = {2020-06-02 10:08:34 -0600},
	Date-Modified = {2020-06-02 10:14:15 -0600},
	Editor = {Schlesselman-Tarango, Gina},
	Publisher = {Library Juice Press},
	Title = {Topographies of Whiteness: Mapping Whiteness in Library and Information Science},
	Year = {2017}}

@book{chou-pho-2018,
	Date-Added = {2020-06-02 10:07:49 -0600},
	Date-Modified = {2020-06-02 10:08:26 -0600},
	Editor = {Chou, Rose L. and Pho, Annie},
	Publisher = {Library Juice Press},
	Title = {Pushing the Margins: Women of Color and Intersectionality in LIS},
	Year = {2018}}

@book{lew-yousefi-2017,
	Date-Added = {2020-06-02 10:06:45 -0600},
	Date-Modified = {2020-06-02 10:07:34 -0600},
	Editor = {Lew, Shirley and Yousefi, Baharak},
	Publisher = {Library Juice Press},
	Title = {Feminists Among Us: Resistance and Advocacy in Library Leadership},
	Year = {2017}}

@book{olson-2002,
	Author = {Olson, H.A.},
	Date-Added = {2020-06-02 09:57:05 -0600},
	Date-Modified = {2020-06-02 09:57:34 -0600},
	Publisher = {2002},
	Title = {The Power to Name: Locating the Limits of Subject Representation in Libraries},
	Year = {Springer}}

@book{lewis-2008,
	Date-Added = {2020-06-02 09:50:32 -0600},
	Date-Modified = {2020-06-02 09:51:03 -0600},
	Editor = {Lewis, Alison},
	Publisher = {Library Juice Press},
	Title = {Questioning Library Neutrality: Essays from Progressive Librarian},
	Year = {2008}}

@book{gorman-2000,
	Annote = {p.89: ``There are those who are `absolutists' and would deny no one the right to create, disseminate, say, see, or read anything at all.''},
	Author = {Gorman, Michael},
	Date-Added = {2020-06-02 09:42:28 -0600},
	Date-Modified = {2020-06-02 09:43:16 -0600},
	Publisher = {ALA},
	Title = {Our Enduring Values: Librarianship in the 21st Century},
	Year = {2000}}

@misc{ifla-if,
	Annote = {https://www.ifla.org/publications/ifla-statement-on-libraries-and-intellectual-freedom},
	Author = {IFLA},
	Date-Added = {2020-06-02 09:35:48 -0600},
	Date-Modified = {2020-06-02 09:36:12 -0600},
	Title = {IFLA Statement on Libraries and Intellectual Freedom},
	Year = {1999}}

@misc{cfla-if,
	Annote = {http://cfla-fcab.ca/en/guidelines-and-position-papers/statement-on-intellectual-freedom-and-libraries/},
	Author = {CFLA},
	Date-Added = {2020-06-02 09:34:13 -0600},
	Date-Modified = {2020-06-02 09:34:39 -0600},
	Title = {Statement on Intellectual Freedom and Libraries},
	Year = {2016}}

@misc{cla-if,
	Annote = {https://sites.ualberta.ca/~berban/statement.html},
	Author = {Canadian Library Association},
	Date-Added = {2020-06-02 09:31:31 -0600},
	Date-Modified = {2020-06-02 09:33:24 -0600},
	Title = {Position Statement on Intellectual Freedom},
	Year = {1974}}

@book{bhaskar-1979,
	Author = {Bhaskar, Roy},
	Date-Added = {2020-06-02 09:19:54 -0600},
	Date-Modified = {2020-06-02 09:20:46 -0600},
	Edition = {Third},
	Publisher = {Routledge},
	Title = {The Possibility of Naturalism: A Philosophical Critique of the Human Sciences},
	Year = {1998}}

@book{lemkin-genocide,
	Annote = {Chapter IX is on Genocide: http://www.preventgenocide.org/lemkin/AxisRule1944-1.htm},
	Author = {Lemkin, Raphael},
	Date-Added = {2020-05-29 11:43:17 -0600},
	Date-Modified = {2020-05-29 11:44:35 -0600},
	Publisher = {Carnegie Endowment for International Peace},
	Title = {Axis Rule in Occupied Europe: Laws of Occupation, Analysis of Government, Proposals for Redress},
	Year = {1944}}

@article{woolford-genocide,
	Author = {Woolford, Andrew},
	Date-Added = {2020-05-29 11:40:42 -0600},
	Date-Modified = {2020-05-29 11:41:56 -0600},
	Journal = {Genocide Studies and Prevention},
	Keywords = {doi:10.3138/gsp.4.1.81},
	Number = {1},
	Pages = {81-97},
	Title = {Ontological Destruction: Genocide and Canadian Aboriginal Peoples},
	Volume = {4},
	Year = {2009}}

@book{kymlicka-1995,
	Author = {Kymlicka, Will},
	Date-Added = {2020-05-29 11:36:08 -0600},
	Date-Modified = {2020-06-02 19:37:39 -0600},
	Publisher = {Clarendon},
	Title = {Multicultural Citizenship: A Liberal Theory of Minority Rights},
	Year = {1996}}

@book{tully-strange,
	Author = {Tully, James},
	Date-Added = {2020-05-29 11:33:53 -0600},
	Date-Modified = {2020-05-29 11:34:31 -0600},
	Publisher = {Cambridge University Press},
	Title = {Strange Multiplicity: Constitutionalism in an Age of Diversity},
	Year = {1995}}

@book{Fraser1997,
	Author = {Fraser, Nancy},
	Date-Added = {2020-05-29 11:32:42 -0600},
	Date-Modified = {2020-07-01 10:12:12 -0600},
	Publisher = {Routledge},
	Title = {Justice Interruptus: Critical Reflections on the "Postsocialist" Condition},
	Year = {1997}}

@book{jameson-variations,
	Author = {Jameson, Fredric},
	Date-Added = {2020-05-29 11:27:40 -0600},
	Date-Modified = {2020-05-29 11:28:23 -0600},
	Publisher = {Verso},
	Title = {The Hegel Variations: On the Phenomenology of Spirit},
	Year = {2010}}

@book{hegel-EL,
	Author = {Hegel, G.W.F},
	Date-Added = {2020-05-29 11:25:40 -0600},
	Date-Modified = {2020-05-29 11:26:07 -0600},
	Publisher = {Hackett},
	Title = {The Encyclopedia Logic},
	Year = {1991}}

@book{Negri1999,
	Author = {Negri, Antonio},
	Date-Added = {2020-05-29 10:58:53 -0600},
	Date-Modified = {2020-08-05 08:37:43 -0600},
	Publisher = {University of Minnesota Press},
	Title = {Insurgencies: Constituent Power and the Modern State},
	Year = {1999}}

@book{fraser-honneth,
	Author = {Fraser, Nancy and Honneth, Axel},
	Date-Added = {2020-05-29 10:56:49 -0600},
	Date-Modified = {2020-05-29 10:57:29 -0600},
	Publisher = {Verso},
	Title = {Redistribution or Recognition? A Political-Philosophical Exchange},
	Year = {2003}}

@book{coulthard2014,
	Author = {Coulthard, Glen Sean},
	Date-Added = {2020-05-29 10:55:05 -0600},
	Date-Modified = {2020-06-03 10:58:27 -0600},
	Publisher = {University of Minnesota Press},
	Title = {Red Skin White Masks: Rejecting the Colonial Politics of Recognition},
	Year = {2014}}

@book{Taylor1992,
	Author = {Taylor, Charles},
	Date-Added = {2020-05-29 10:53:47 -0600},
	Date-Modified = {2020-06-28 11:09:48 -0600},
	Publisher = {Princeton University Press},
	Title = {Multiculturalism and 'The Politics of Recognition': An Essay},
	Year = {1992}}

@article{singh-democracy,
	Author = {Singh, Jakeet},
	Date-Added = {2020-05-29 10:45:29 -0600},
	Date-Modified = {2020-05-29 10:46:05 -0600},
	Journal = {Contemporary Political Theory},
	Number = {3},
	Pages = {331-356},
	Title = {Decolonizing Radical Democracy},
	Volume = {18},
	Year = {2018}}

@incollection{singh-recognition,
	Author = {Singh, Jakeet},
	Booktitle = {Recognition versus Self-Determination: Dilemmas of Emancipation},
	Date-Added = {2020-05-29 10:43:55 -0600},
	Date-Modified = {2020-05-29 10:45:24 -0600},
	Editor = {Eisenberg, Avigail and Webber, Jeremy and Coulthard, Glen and Boisselle, Andr{\'e}e},
	Pages = {47-74},
	Publisher = {UBC Press},
	Title = {Recognition and Self-Determination: Approaches from Above and Below},
	Year = {2014}}

@book{caffentzis-letters,
	Author = {Caffentzis, George},
	Date-Added = {2020-05-29 10:42:41 -0600},
	Date-Modified = {2020-05-29 10:43:43 -0600},
	Publisher = {PM Press},
	Title = {In Letters of Blood and Fire: Work, Machines and the Crisis of Capitalism},
	Year = {2013}}

@article{camfield-griffiths-speech,
	Annote = {https://briarpatchmagazine.com/articles/view/why-the-left-must-defend-free-speech-no-platform},
	Author = {Camfield, David and Kate Doyle Griffiths},
	Date-Added = {2020-05-29 10:41:39 -0600},
	Date-Modified = {2020-05-29 10:42:31 -0600},
	Journal = {Briarpatch},
	Title = {Why the Left must Defend Free Speech},
	Year = {2020}}

@book{callinicos-critique,
	Author = {Callinicos, Alex},
	Date-Added = {2020-05-29 10:41:02 -0600},
	Date-Modified = {2020-05-29 10:41:30 -0600},
	Publisher = {Polity},
	Title = {The Resources of Critique},
	Year = {2006}}

@book{federici-caliban,
	Author = {Federici, Silvia},
	Date-Added = {2020-05-29 10:14:08 -0600},
	Date-Modified = {2020-05-29 10:14:40 -0600},
	Publisher = {Autonomedia},
	Title = {Caliban and the Witch: Women, The Body and Primitive Accumulation},
	Year = {2004}}

@book{patten-2014,
	Author = {Patten, Alan},
	Date-Added = {2020-05-28 21:09:32 -0600},
	Date-Modified = {2020-06-02 19:37:50 -0600},
	Publisher = {Princeton University Press},
	Title = {Equal Recognition: The Moral Foundations of Minority Rights},
	Year = {2014}}

@book{pippin-hegel2,
	Author = {Pippin, Robert B.},
	Date-Added = {2020-05-28 21:08:09 -0600},
	Date-Modified = {2020-05-28 21:08:51 -0600},
	Publisher = {Cambridge University Press},
	Title = {Hegel's Idealism: The Satisfactions of Self-Consciousness},
	Year = {1989}}

@book{pippin-hegel1,
	Author = {Pippin, Robert B.},
	Date-Added = {2020-05-28 21:06:41 -0600},
	Date-Modified = {2020-05-28 21:07:49 -0600},
	Publisher = {University of Chicago Press},
	Title = {Hegels' Realm of Shadows: Logic as Metaphysics in The Science of Logic},
	Year = {2019}}

@book{settler-winnipeg,
	Date-Added = {2020-05-28 20:30:02 -0600},
	Date-Modified = {2020-05-28 20:32:00 -0600},
	Editor = {Dorries, Heather and Henry, Robert and Hugill, David and McReary, Tyler and Tomiak, Julie},
	Publisher = {University of Manitoba Press},
	Title = {Settler City Limits: Indigenous Resurgence and Colonial Violence in the Urban Prairie West},
	Year = {2019}}

@book{toews-winnipeg,
	Author = {Toews, Owen},
	Date-Added = {2020-05-28 20:28:58 -0600},
	Date-Modified = {2020-05-28 20:29:44 -0600},
	Publisher = {ARP},
	Title = {Stolen City: Racial Capitalism and the Making of Winnipeg},
	Year = {2018}}

@book{samek-if1,
	Author = {Samek, Toni},
	Date-Added = {2020-05-28 20:27:34 -0600},
	Date-Modified = {2020-05-28 20:28:19 -0600},
	Publisher = {McFarland},
	Title = {Intellectual Freedom and Social Responsibility in American Librarianship, 1967-1974},
	Year = {2001}}

@book{samek-if2,
	Author = {Samek, Toni},
	Date-Added = {2020-05-28 20:26:46 -0600},
	Date-Modified = {2020-05-28 20:28:29 -0600},
	Publisher = {Chandos},
	Title = {Librarianship and Human Rights: A Twenty-First Century Guide},
	Year = {2007}}

@book{honneth-struggle,
	Author = {Honneth, Axel},
	Date-Added = {2020-05-28 20:26:00 -0600},
	Date-Modified = {2020-05-28 20:26:39 -0600},
	Publisher = {MIT Press},
	Title = {The Struggle for Recognition: The Moral Grammar of Social Conflicts},
	Year = {1995}}

@book{ljp-if,
	Date-Added = {2020-05-28 20:24:22 -0600},
	Date-Modified = {2020-05-28 20:25:09 -0600},
	Editor = {Alfino, Mark and Koltutsky, Laura},
	Publisher = {Library Juice Press},
	Title = {The Library Juice Press Handbook of Intellectual Freedom: Concepts, Cases, and Theories},
	Year = {2015}}

@book{hegel-PoS,
	Author = {Hegel, G.W.F},
	Date-Added = {2020-05-28 20:23:23 -0600},
	Date-Modified = {2020-05-28 20:24:05 -0600},
	Publisher = {Oxford University Press},
	Title = {Phenomenology of Spirit},
	Year = {1977}}

@book{negri-spinoza4,
	Author = {Negri, Antonio},
	Date-Added = {2020-05-28 20:22:42 -0600},
	Date-Modified = {2020-05-28 20:23:14 -0600},
	Publisher = {Polity},
	Title = {Spinoza: Then and Now},
	Year = {2020}}

@book{jameson-valences,
	Author = {Jameson, Fredric},
	Date-Added = {2020-05-28 20:21:46 -0600},
	Date-Modified = {2020-05-28 20:22:14 -0600},
	Publisher = {Verso},
	Title = {Valences of the Dialectic},
	Year = {2009}}

@comment{BibDesk Static Groups{
<?xml version="1.0" encoding="UTF-8"?>
<!DOCTYPE plist PUBLIC "-//Apple//DTD PLIST 1.0//EN" "http://www.apple.com/DTDs/PropertyList-1.0.dtd">
<plist version="1.0">
<array>
	<dict>
		<key>group name</key>
		<string>Canadian History</string>
		<key>keys</key>
		<string>Belanger2000,Maclure2005</string>
	</dict>
	<dict>
		<key>group name</key>
		<string>Constitutionalism</string>
		<key>keys</key>
		<string>Negri1999,tully-strange,Virno2004,HardtNegri2004,Rawls2005,Arato2017,LoughlinWalker2008,Tully2008</string>
	</dict>
	<dict>
		<key>group name</key>
		<string>Critlib</string>
		<key>keys</key>
		<string>olson-2002,lew-yousefi-2017,chou-pho-2018,schlesselman-tarango-2017,berman-1971,garrison-1972,Popowich2019</string>
	</dict>
	<dict>
		<key>group name</key>
		<string>Hegel</string>
		<key>keys</key>
		<string>jameson-valences,hegel-PoS,pippin-hegel1,pippin-hegel2,hegel-EL,jameson-variations,hegel-SoL,Hegel1977,Hegel1979</string>
	</dict>
	<dict>
		<key>group name</key>
		<string>Intellectual Freedom</string>
		<key>keys</key>
		<string>ljp-if,samek-if2,samek-if1,camfield-griffiths-speech,cla-if,cfla-if,ifla-if,gorman-2000,lewis-2008,beauchamp-2018,mackinnon-2018,peterson-2016,hutchins-2017,yorio-peet-2018,ahmed2015,Sale2020,Dawson2020,Kay2020,Junker2020</string>
	</dict>
	<dict>
		<key>group name</key>
		<string>kulaszka</string>
		<key>keys</key>
		<string>quan-2015,craggs-2019,shakeri-2017,tpl-kulaszka,tpl-revisions</string>
	</dict>
	<dict>
		<key>group name</key>
		<string>LIbrary HIstory</string>
		<key>keys</key>
		<string>Harris1999,Black1998,BlackPepperBagshaw2009,Bales2015</string>
	</dict>
	<dict>
		<key>group name</key>
		<string>Marxism</string>
		<key>keys</key>
		<string>federici-caliban,callinicos-critique,caffentzis-letters,bhaskar-1979,Gramsci1971,Lukacs1983,Jameson2019,Marx1955,Jameson1991,Marx1963</string>
	</dict>
	<dict>
		<key>group name</key>
		<string>meghan-murphy</string>
		<key>keys</key>
		<string>brean-2019,vpl-policy,cbc-vpl,cbc-ubc,vpl-values</string>
	</dict>
	<dict>
		<key>group name</key>
		<string>Pandemic</string>
		<key>keys</key>
		<string>cite-key</string>
	</dict>
	<dict>
		<key>group name</key>
		<string>Politics of Recognition</string>
		<key>keys</key>
		<string>honneth-struggle,patten-2014,singh-recognition,singh-democracy,Taylor1992,coulthard2014,fraser-honneth,Fraser1997,kymlicka-1995,bracke-2009,harvey-2005,hall-2011,karim2002,Taylor1989,Spade2015,Young2011,Levrau2015,Buchanan1989,Moore2009,Kymlicka1989,Joseph2002,Taylor2003,CornellRosenfeldCarleson1992,Galisanka2019,Taylor1985,Hines2013,Wrightson2017,Shaw2020,Shaw2017,HonnethRanciere2016,Sandel1984,Taylor1994,Dworkin1978,Kymlicka1989b,TheobaldDinkelman1995,Macintyre1981,Wolfe1976,TaylorKymlicka,Taylor1991</string>
	</dict>
	<dict>
		<key>group name</key>
		<string>Popowich</string>
		<key>keys</key>
		<string>Popowich2019,Popowich2020-free-speech,Popowich2018,Popowich2020-AI,Popowich2019-labour,Popowich2018-labour,Popowich2019-mackinnon</string>
	</dict>
	<dict>
		<key>group name</key>
		<string>Radical Democracy</string>
		<key>keys</key>
		<string>DahlbergSiapera2007,singh-democracy,Virno2015</string>
	</dict>
	<dict>
		<key>group name</key>
		<string>Settler-Colonialism</string>
		<key>keys</key>
		<string>toews-winnipeg,settler-winnipeg,woolford-genocide,lemkin-genocide</string>
	</dict>
	<dict>
		<key>group name</key>
		<string>Spinoza</string>
		<key>keys</key>
		<string>negri-spinoza4,Deleuze1988,Negri1991</string>
	</dict>
	<dict>
		<key>group name</key>
		<string>Technology</string>
		<key>keys</key>
		<string>Parisi2015,DyerWitheford2015,Deleuze1992,Lazzarato2012,Marx1973,Moore2017,Srnicek2016,Zuboff2019,Turing1936,Kalpokas2019,Bacevic2020,Joque2019,Negri1989,SICP1996,Turing1950</string>
	</dict>
</array>
</plist>
}}
